% This file was created with JabRef 2.10.
% Encoding: Cp1252


@Book{Griffits_1995,
  Title                    = {Introduction to quantum mechanics},
  Author                   = {Griffits, David},
  Publisher                = {Prentice Hall},
  Year                     = {1995},

  Address                  = {New Jersey},

  Owner                    = {Master Chief},
  Timestamp                = {2016.07.22}
}

@Book{Wangsness_2001,
  Title                    = {Campos electromagnéticos},
  Author                   = {Wangsness, Roald},
  Publisher                = {Limusa},
  Year                     = {2001},

  Address                  = {México D.F.},

  Owner                    = {Master Chief},
  Timestamp                = {2016.07.22}
}

@Book{Greiner_electro,
  Title                    = {Classical electrodynamics},
  Author                   = {Greiner, Walter},
  Publisher                = {Springer},
  Year                     = {1998},

  Address                  = {Frankfurt},

  Owner                    = {Master Chief},
  Timestamp                = {2016.07.22}
}

@Book{Marsden_1991,
  Title                    = {Cálculo vectorial},
  Author                   = {Marsden, Jerrold
Tromba, Anthony},
  Publisher                = {Addison-Wesley},
  Year                     = {1991},

  Address                  = {Delaware},

  Owner                    = {Master Chief},
  Timestamp                = {2016.07.22}
}

@Book{Nikolski,
  Title                    = {Electrodinámica y propagación de ondas de radio},
  Author                   = {Nikolski, V.},
  Publisher                = {MIR Moscú},
  Year                     = {1976},

  Address                  = {Moscú},

  Owner                    = {Master Chief},
  Timestamp                = {2016.07.22}
}

