% This file was created with JabRef 2.10.
% Encoding: Cp1252


@Book{Arfken,
  Title                    = {Mathematical methods of physics},
  Author                   = {George Arfken},
  Publisher                = {Academic Press},
  Year                     = {1985},

  Owner                    = {Master Chief},
  Timestamp                = {2015.01.19}
}

@Book{Friedman,
  Title                    = {Principles and techniques of applied mathematics},
  Author                   = {B. Friedman},
  Publisher                = {John Wiley \& Sons},
  Year                     = {1956},

  Owner                    = {Master Chief},
  Timestamp                = {2015.01.19}
}

@Book{Keener,
  Title                    = {Principles of applied mathemathics, transformatiosn and approximations},
  Author                   = {A. Keener},
  Publisher                = {Addison-Wesley},
  Year                     = {1988},

  Owner                    = {Master Chief},
  Timestamp                = {2015.01.19}
}

@Book{Lebedev,
  Title                    = {Special functions and their applications},
  Author                   = {N. Lebedev},
  Publisher                = {Dover},
  Year                     = {1970},

  Owner                    = {Master Chief},
  Timestamp                = {2015.01.19}
}

@Book{Weinberger,
  Title                    = {Partial differential equations},
  Author                   = {H. Weinberger},
  Publisher                = {Ginn Blaisdell},
  Year                     = {1969},

  Owner                    = {Master Chief},
  Timestamp                = {2015.01.19}
}

@Book{Whithaker,
  Title                    = {A course in modern analysis},
  Author                   = {Whithaker \& Watson},
  Publisher                = {Cambridge University Press},
  Year                     = {1972},

  Owner                    = {Master Chief},
  Timestamp                = {2015.01.19}
}

@Book{Courant,
  Title                    = {Mathematical methods of physics},
  Author                   = {R. Courant
D. Hilbert},
  Publisher                = {Dover},
  Year                     = {1989},

  Owner                    = {Master Chief},
  Timestamp                = {2015.01.19}
}

@Book{Jeffreys,
  Title                    = {Mathematical physics},
  Author                   = {Jeffreys \& Jeffreys},
  Publisher                = {Cambridge University Press},
  Year                     = {1946},

  Owner                    = {Master Chief},
  Timestamp                = {2015.01.19}
}

@Book{Kevorkian1,
  Title                    = {Perturbation methods in applied mathemathics},
  Author                   = {J. Kevorkian},
  Publisher                = {Springer-Verlag},
  Year                     = {1980},

  Owner                    = {Master Chief},
  Timestamp                = {2015.01.19}
}

@Book{Kevorkian2,
  Title                    = {Partial differential equations, analytical solution techniques},
  Author                   = {J. Kevorkian},
  Publisher                = {Wordsworth},
  Year                     = {1990},

  Owner                    = {Master Chief},
  Timestamp                = {2015.01.19}
}

