@book{Greiner_Electro,
  title        = {Classical electrodyamics},
  author       = {Greiner, Walter},
  year         = 1991,
  publisher    = {Springer},
  series       = {Theoretical Pyshics}
}