% Encoding: UTF-8

@Book{Abramowitz1973,
  editor    = {Abramowitz, Milton and Stegun, Irene A.},
  publisher = {United States of Commerce},
  title     = {Handbook of Mathematical Functions with Formulas, Graphs, and Mathematical Tables},
  year      = {1973},
  address   = {Washington, D.C., USA},
}

@Book{Morse1953,
  author    = {Morse, Philip M. and Feshbach, Herman},
  publisher = {McGraw-Hill},
  title     = {Methods of Theoretical Physics},
  year      = {1953},
  address   = {New York, USA},
  volume    = {I},
}

@Book{Courant1966,
  author    = {Courant, R. and HIlbert, D.},
  publisher = {Interscience Publishers},
  title     = {Methods of Mathematical Physics},
  year      = {1966},
  address   = {New York, USA},
  volume    = {I},
}

@Book{Hayek2001,
  author    = {Hayek, S. I.},
  publisher = {Marcel Dekker},
  title     = {Advanced Mathematical Methods in Science and Enginerring},
  year      = {2001},
  address   = {Newy York, USA},
}

@Book{Kirkwood2013,
  author    = {Kirkwood, James R.},
  publisher = {Elsevier},
  title     = {Mathematical physics with partial differential equations},
  year      = {2013},
  address   = {Oxford, UK},
}

@Book{Kusse2006,
  author    = {Kusse, Bruce R. and Westig, Erik A.},
  publisher = {Wiley-VCH},
  title     = {Mathematical Physics. Applied Mathematical for Scientists and Engineers},
  year      = {2006},
  address   = {Weinheim, Germany},
  edition   = {2nd},
}

@Book{Pena2006,
  author    = {Luis de la Peña},
  publisher = {Fondo de Cultura Económica},
  title     = {Introducción a la mecánica cuántica},
  year      = {2006},
  address   = {Ciudad de México, México},
  edition   = {3a},
}

@Book{Griffiths2005,
  author    = {Griffiths, David J.},
  publisher = {Pearson-Prentice Hall},
  title     = {Introduction to Quantum Mechanics},
  year      = {2005},
  address   = {New Jersey, USA},
  edition   = {2n},
}

@Book{Sakurai2005,
  author    = {Sakurai, J. J.},
  editor    = {San Fu Tuan},
  publisher = {Addison-Wesley},
  title     = {Modern {Q}uantum {M}echanics},
  year      = {2005},
  address   = {Massachusetts, USA},
}

@Book{Nguyen2017,
  author    = {Nguyen, Hung Schäfer and Schmidt, Jan-Philip},
  publisher = {Springer},
  title     = {Tensor {A}nalysis and {E}lementary {D}ifferential {G}eometry for {P}hysicists and {E}ngineers},
  year      = {2017},
  address   = {Berlin, Germany},
  edition   = {2n},
}

@Book{Hess2015,
  author    = {Hess, Siegfried},
  publisher = {Springer},
  title     = {Tensor for {P}hysics},
  year      = {2015},
  address   = {Berlin, Germany},
  series    = {Undergraduate Lecture Notes in Physics},
}

@Book{Bar2010,
  author    = {Bär, Christian},
  publisher = {Cambridge University Press},
  title     = {Elementary {D}ifferntial {G}eometry},
  year      = {2010},
  address   = {Cambridge, UK},
}

@Book{Boas2005,
  author    = {Boas, Mary L.},
  publisher = {Wiley},
  title     = {Mathematical {M}ethods in the {P}hysical {S}ciences},
  year      = {2005},
  address   = {New Jersey, USA},
  edition   = {3d},
}

@Book{Jackson1975,
  author    = {Jackson, John David},
  publisher = {Wiley},
  title     = {Classical {E}lectrodynamics},
  year      = {1975},
  address   = {USA},
  edition   = {3d},
}

@Article{LeyKoo1994,
  author  = {Ley-Koo, Eugenio and Góngora, A. T.},
  journal = {Revista Mexicana de Física},
  title   = {Desarrollo armónico del potencial de {C}oulomb en coordenadas toroidales},
  year    = {1994},
  number  = {5},
  pages   = {805--813},
  volume  = {40},
}

@Book{Moon1988,
  author    = {Moon, Parry and Spencer, Domina Eberle},
  publisher = {Springer-Verlag},
  title     = {Field {T}heory {H}andbook},
  year      = {1988},
  address   = {Berlin, Germany},
  edition   = {2n},
}

@Book{Debnatah2007,
  author    = {Debnatah, Lokenath and Bhatta, Dambaru},
  publisher = {{Chapman \& Hall}},
  title     = {Integral {T}ransforms and {T}heir {A}pplications},
  year      = {2007},
  address   = {New York, USA},
  edition   = {2n},
}

@Book{James2011,
  author    = {James, J. F.},
  publisher = {Cambridge University Press},
  title     = {A {S}tudent's {G}uide to {F}ourier {T}ransforms},
  year      = {2011},
  address   = {Cambridge, UK},
  edition   = {3d},
}

@Article{Challis2003,
  author  = {Challis, Lawrie and Sheared, Fred},
  journal = {Physics Today},
  title   = {The {G}reen of {G}reen {F}unctions},
  year    = {2003},
  number  = {12},
  pages   = {41--46},
  volume  = {56},
  doi     = {10.1063/1.1650227},
}

@Book{Economou2006,
  author    = {Economou, Eleftherios N.},
  publisher = {Springer},
  title     = {Green's {F}unctions in {Q}uantum {P}hysics},
  year      = {2006},
  address   = {Berlin, Germany},
  edition   = {3d},
}

@Article{Herrera2017,
  author  = {Herrera, Alvarez Sergio and Lizcano, Muñoz Jheison and Segovia, Chaves Francis},
  journal = {Entornos},
  title   = {El método de la función de {G}reen en el cálculo del campo eléctrico bidimensional para una corriente eléctrica en una guía de onda rectangular},
  year    = {2017},
  number  = {2},
  pages   = {67--72},
  volume  = {30},
}

@Article{Berry2001,
  author  = {Berry, Michael},
  journal = {Physics Today},
  title   = {Why are special functions special?},
  year    = {2001},
  number  = {4},
  volume  = {54},
  pages   = {11--12},
}

@Book{Hoskins2009,
  author    = {Hoskins, R. F.},
  publisher = {WoodHead Publishing},
  title     = {Delta {F}unctions: {A}n {I}ntroduction to {G}eneralised {F}unctions},
  year      = {2009},
  address   = {Cambridge, UK},
  edition   = {2nd.},
}

@Book{Agarwal2009,
  author    = {Agarwal, Ravi P. and O'Regan, Donal},
  publisher = {Springer},
  title     = {Ordinary and {P}artial {D}ifferential {E}quations},
  year      = {2009},
  address   = {New York, USA},
}

@Comment{jabref-meta: databaseType:bibtex;}
